@MISC{web:PPT,
author = {Franchini Longhi, Sebastián Nicolás},
title = {Diapositivas asignatura {AAV-FR}},
month = feb,
year = {2023},
howpublished={\url{https://moodle.upm.es/titulaciones/oficiales/}}
}

@article{baalla2010development,
  title={Development and Use of a Computer Program “Hyper-N” to Predict the Performance of Air Vehicles Traveling at Hypersonic Speeds},
  author={Baalla, Younes},
  year={2010}
}

@article{rolim2020development,
  title={Development and Application of Computational Tool Using Local Surface Inclination Methods for Preliminary Analysis of Hypersonic Vehicles},
  author={Rolim, Tiago Cavalcanti and Cintra, Sheila Cristina and Pellegrini, Marcela Marques da Cruz},
  journal={Journal of Aerospace Technology and Management},
  volume={12},
  year={2020},
  publisher={SciELO Brasil}
}

@book{hirschel2009selected,
  title={Selected aerothermodynamic design problems of hypersonic flight vehicles},
  author={Hirschel, Ernst Heinrich and Weiland, Claus},
  volume={229},
  year={2009},
  publisher={Springer Science \& Business Media}
}

@article{havrila2021modeling,
  title={Modeling of the Dark Phase of Flight and the Impact Area for Meteorites of Real Shapes},
  author={Havrila, Karol and T{\'o}th, Juraj and Korno{\v{s}}, Leonard},
  journal={Advances in Astronomy},
  volume={2021},
  pages={1--14},
  year={2021},
  publisher={Hindawi Limited}
}